<record><leader>00000cas a22000007a 4500</leader><controlfield tag="001">24111537</controlfield><controlfield tag="008">910722d19841986nhuwr ne      0    0eng d</controlfield><datafield ind1=" " ind2=" " tag="010"><subfield code="a">sn 91063174 </subfield></datafield><datafield ind1=" " ind2=" " tag="040"><subfield code="a">NVH</subfield><subfield code="b">eng</subfield><subfield code="c">NVH</subfield><subfield code="d">OCLCQ</subfield></datafield><datafield ind1="0" ind2="0" tag="245"><subfield code="a">Echoes in the valley.</subfield></datafield><datafield ind1="3" ind2="0" tag="246"><subfield code="a">Echoes</subfield></datafield><datafield ind1=" " ind2=" " tag="260"><subfield code="a">Lebanon, N.H. :</subfield><subfield code="b">Valley News</subfield></datafield><datafield ind1=" " ind2=" " tag="300"><subfield code="a">v.</subfield></datafield><datafield ind1=" " ind2=" " tag="310"><subfield code="a">Weekly</subfield></datafield><datafield ind1="1" ind2=" " tag="362"><subfield code="a">Began Oct. 2, 1984.</subfield></datafield><datafield ind1="0" ind2=" " tag="362"><subfield code="a">-v. 2, no. 43 (July 22, 1986).</subfield></datafield><datafield ind1=" " ind2=" " tag="588"><subfield code="a">Description based on: Vol. 1, no. 2 (Oct. 9, 1984).</subfield></datafield><datafield ind1=" " ind2=" " tag="752"><subfield code="a">United States</subfield><subfield code="b">New Hampshire</subfield><subfield code="c">Grafton</subfield><subfield code="d">Lebanon.</subfield></datafield><datafield ind1="0" ind2="0" tag="785"><subfield code="t">Upper Valley echoes</subfield><subfield code="w">(DLC)sn 91063173</subfield></datafield></record>